<record><leader>00000cas a2200000 a 4500</leader><controlfield tag="001">35709904</controlfield><controlfield tag="008">961010d190u1944okuwr n       0   a0eng  </controlfield><datafield ind1=" " ind2=" " tag="010"><subfield code="a">sn 96093062 </subfield></datafield><datafield ind1=" " ind2=" " tag="040"><subfield code="a">OBN</subfield><subfield code="b">eng</subfield><subfield code="c">OBN</subfield><subfield code="d">OCLCQ</subfield><subfield code="d">IUL</subfield><subfield code="d">DLC</subfield><subfield code="d">OCLCA</subfield><subfield code="d">OCLCF</subfield></datafield><datafield ind1="0" ind2=" " tag="022"><subfield code="a">2163-8012</subfield><subfield code="2">1</subfield></datafield><datafield ind1="1" ind2=" " tag="029"><subfield code="a">AU@</subfield><subfield code="b">000012911305</subfield></datafield><datafield ind1=" " ind2=" " tag="042"><subfield code="a">pcc</subfield><subfield code="a">nsdp</subfield></datafield><datafield ind1=" " ind2=" " tag="043"><subfield code="a">n-us-ok</subfield></datafield><datafield ind1="0" ind2="0" tag="050"><subfield code="a">Newspaper</subfield></datafield><datafield ind1="1" ind2="0" tag="082"><subfield code="a">070</subfield><subfield code="2">14</subfield></datafield><datafield ind1="0" ind2=" " tag="130"><subfield code="a">Durant weekly news (Durant, Okla. : 1904)</subfield></datafield><datafield ind1=" " ind2="0" tag="222"><subfield code="a">Durant weekly news</subfield><subfield code="b">(Durant, Okla. 1904)</subfield></datafield><datafield ind1="1" ind2="0" tag="245"><subfield code="a">Durant weekly news.</subfield></datafield><datafield ind1=" " ind2=" " tag="260"><subfield code="a">Durant, Choctaw Nation, Indian Territory [Okla.] :</subfield><subfield code="b">Lewis Paullin</subfield></datafield><datafield ind1=" " ind2=" " tag="300"><subfield code="a">v.</subfield></datafield><datafield ind1=" " ind2=" " tag="310"><subfield code="a">Weekly</subfield></datafield><datafield ind1="0" ind2=" " tag="362"><subfield code="a">-v. 47, no. 43 (Oct. 27, 1944).</subfield></datafield><datafield ind1=" " ind2=" " tag="530"><subfield code="a">Archived issues are available in digital format as part of the Library of Congress Chronicling America online collection.</subfield></datafield><datafield ind1=" " ind2=" " tag="588"><subfield code="a">Description based on: Vol. 9, no. 24 (Aug. 12, 1904).</subfield></datafield><datafield ind1=" " ind2="0" tag="651"><subfield code="a">Durant (Okla.)</subfield><subfield code="v">Newspapers.</subfield></datafield><datafield ind1=" " ind2="0" tag="651"><subfield code="a">Bryan County (Okla.)</subfield><subfield code="v">Newspapers.</subfield></datafield><datafield ind1=" " ind2="0" tag="651"><subfield code="a">Choctaw Nation of Oklahoma</subfield><subfield code="v">Newspapers.</subfield></datafield><datafield ind1=" " ind2="7" tag="655"><subfield code="a">Newspapers.</subfield><subfield code="2">fast</subfield><subfield code="0">(OCoLC)fst01423814</subfield></datafield><datafield ind1="2" ind2="7" tag="610"><subfield code="a">Choctaw Nation of Oklahoma.</subfield><subfield code="2">fast</subfield><subfield code="0">(OCoLC)fst00780938</subfield></datafield><datafield ind1=" " ind2="7" tag="651"><subfield code="a">Oklahoma</subfield><subfield code="z">Bryan County.</subfield><subfield code="2">fast</subfield><subfield code="0">(OCoLC)fst01203140</subfield></datafield><datafield ind1=" " ind2="7" tag="651"><subfield code="a">Oklahoma</subfield><subfield code="z">Durant.</subfield><subfield code="2">fast</subfield><subfield code="0">(OCoLC)fst01220336</subfield></datafield><datafield ind1=" " ind2=" " tag="752"><subfield code="a">United States</subfield><subfield code="b">Oklahoma</subfield><subfield code="c">Bryan</subfield><subfield code="d">Durant.</subfield></datafield><datafield ind1="0" ind2=" " tag="775"><subfield code="t">Durant daily news</subfield><subfield code="w">(DLC)sn 96093064</subfield><subfield code="w">(OCoLC)35710042</subfield></datafield><datafield ind1="1" ind2=" " tag="776"><subfield code="t">Durant weekly news (Durant, Okla. : 1904 : Online)</subfield><subfield code="x">2169-5229</subfield><subfield code="w">(DLC)  2012203855</subfield><subfield code="w">(OCoLC)761340000</subfield></datafield><datafield ind1="0" ind2="0" tag="780"><subfield code="t">Times-eagle</subfield></datafield><datafield ind1="0" ind2="7" tag="785"><subfield code="t">Southeastern Oklahoma citizen and the Bryan County democrat</subfield><subfield code="w">(DLC)sn 96093061</subfield><subfield code="w">(OCoLC)35709847</subfield></datafield><datafield ind1="0" ind2="7" tag="785"><subfield code="t">Durant weekly news and Bryan County democrat (Durant, Okla. : 1944)</subfield><subfield code="w">(DLC)sn 96093065</subfield><subfield code="w">(OCoLC)35710222</subfield></datafield><datafield ind1="4" ind2="1" tag="856"><subfield code="u">http://www.loc.gov/chroniclingamerica/lccn/sn96093062/issues</subfield></datafield></record>